2112 3528
932 190 1468 245 PRAEFA‘Tio
1560 197 1563 201 ’

366 332 838 420 pertinentibus,
860 353 1019 418 quae
1045 331 1194 399 nihil
1220 334 1444 400 faciant
1472 333 1550 399 ad
1577 333 2065 423 intelligendam·

361 431 714 498 orationem
731 430 1186 516 Theophrasti:
1235 454 1445 498 tamen
1473 437 1740 518 prolatas
1767 435 1829 501 in
1859 460 1937 505 eo
1954 438 2041 504 in-

360 531 505 597 veni
532 527 911 596 coniee'ruras
938 533 1036 595 vel
1058 528 1306 614 alienaS,
1323 535 1424 601 vel
1449 533 2039 621 propriaS‚quarum

362 651 583 716 parens
601 628 769 694 haud
789 627 980 694 dubie
1004 628 1130 715 ipse
1145 631 1266 697 fuit
1279 631 1618 698 BenceliuS.
1665 634 1853 699 Venit
1870 635 2040 702 enim

363 752 395 793 e
430 727 820 794 bibliotheca
842 729 1355 816 Menqueniana
1339 751 1400 796 ln
1431 732 1705 798 nostram
1726 725 2040 831 exemplar

359 828 548 894 huius
565 826 1014 914 editioni8,quo
1032 851 1299 915 magnus
1318 829 1417 896 ille
1433 830 1752 896 Fabricius
1770 832 2039 900 donatus

357 929 562 993 fuerat
587 928 666 991 ab
695 926 828 1011 ipso
854 927 1161 993 Bencelio.
1205 928 1325 992 Sed
1345 931 1527 994 Petro
1545 931 1890 998 Nedhamo
1895 933 2040 1020 ,qui

354 1024 774 1115 quadriennio
794 1026 927 1113 post
942 1049 1178 1092 nouam
1198 1026 1435 1112 parauit
1451 1029 1898 1107 Charaelerum
1918 1032 2041 1098 edi-

356 1127 616 1207 tionem,
632 1126 883 1190 fortuna
900 1126 980 1191 ita
997 1125 1168 1209 fauit,
1189 1147 1256 1195 vt
1271 1127 1420 1192 nulli
1435 1126 1825 1213 superiorum
1846 1130 2039 1196 edito-

352 1250 520 1295 rum.
536 1226 712 1291 Fecit
727 1224 894 1290 enim
911 1224 965 1291 ei
981 1225 1224 1310 copiam
1246 1226 1560 1293 Codicum
1580 1250 1770 1292 manu
1788 1228 2040 1315 scripto-

352 1351 494 1391 rum
515 1347 771 1410 nouem,
786 1324 862 1389 ad
880 1347 1156 1412 quorum
1179 1324 1370 1391 fidem
1389 1328 1727 1392 recenseret
1745 1349 1804 1392 et
1824 1329 2037 1395 consti-

352 1445 555 1492 tueret
584 1425 781 1489 verba*
801 1424 1236 1509 Theophrasti.
1330 1429 1526 1510 Nam,
1553 1445 1794 1511 praeter
1819 1430 2040 1494 Canta·

350 1519 726 1613 brigiensern
759 1521 1086 1607 Codicen,
1117 1546 1247 1610 quo
1277 1527 1551 1590 Galeum
1584 1524 1762 1592 Vsum
1797 1523 1912 1592 effe
1946 1528 2036 1592 su-

348 1649 463 1712 pra
483 1623 1074 1707 demonstrauimus,
1091 1622 1200 1711 qui
1230 1643 1436 1690 tamen
1464 1625 1526 1689 in
1553 1624 1877 1691 laudandis
1905 1625 2037 1692 eius

351 1723 723 1792 leelionibus
772 1745 907 1788 non
951 1723 1138 1788 semel
1184 1722 1422 1789 diffidet
1461 1726 1491 1759 *
1538 1726 1615 1788 ab
1663 1724 2036 1811 Nedham0‚

349 1845 621 1912 quatuor
632 1820 992 1888 Parifienses
1010 1821 1246 1910 Regios
1273 1822 1574 1905 adhibuit,
1591 1845 1764 1911 quos.
1781 1824 2038 1911 diligen-

348 1923 569 1990 tislime
600 1926 946 1989 contulerat
975 1945 1121 1988 cum
1155 1922 1429 1987 editione
1456 1921 1820 2006 Heinfiana,
1850 1925 2035 1988 Mon·

346 2014 661 2090 tefiilcoriii
687 2022 1067 2105 austoritate,
1087 2021 1468 2088 Guilielmus
1501 2021 1798 2089 Clericus.
1875 2027 2034 2088 Nul-

345 2127 443 2188 lus
485 2146 710 2188 eorum
754 2125 965 2207 plures
1016 2125 1391 2206 complexus
1431 2121 1836 2189 Charaeleras
1883 2142 2035 2207 erat,

346 2245 537 2308 quam
582 2222 821 2306 priores
867 2221 1251 2307 quindecim.
1358 2223 1574 2307 Atque
1618 2227 1865 2306 primus
1900 2228 2033 2308 qui·
2110 2222 2112 2229 ’

346 2325 491 2386 dem
534 2340 593 2386 et
635 2320 940 2385 secundus
984 2318 1372 2384 membranei
1414 2340 1619 2401 erant,
1661 2319 1760 2384 hic
1791 2319 2031 2393 saeculo

326 2420 729 2500 'deciinlle
749 2441 926 2483 nono
946 2418 1093 2500 fere,
1116 2417 1409 2504 scriptus:
1449 2420 1561 2506 qui
1587 2419 1728 2485 libri
1760 2418 1864 2485 etfi
1894 2418 2033 2488 sunt

341 2541 411 2586 Vt
442 2516 823 2584 vetustislimi
853 2523 1178 2602 omnium,
1222 2524 1303 2583 ita
1345 2520 1552 2586 bonae
1591 2510 1772 2584 etiam
1808 2539 2029 2585 notaet

344 2642 550 2684 tamen
579 2617 760 2681 falsas
788 2611 823 2648 *
856 2618 1168 2694 interdurn
1203 2617 1497 2683 lestiones
1528 2617 1825 2683 exhibere
1857 2641 2028 2703 repe·

340 2726 607 2800 fiuntur,
638 2739 797 2803 quae
830 2714 944 2780 fint
972 2723 1519 2801 interpretamenta
1548 2716 1888 2782 lectionum
1924 2741 2027 2784 ve-

337 2840 549 2883 rarum
582 2837 642 2882 et
670 2812 1032 2902 glossemata
1048 2811 1152 2878 **.’
1226 2816 1481 2882 Tertius
1501 2815 1727 2880 Codex
1753 2838 1812 2880 et
1844 2838 2026 2903 quar-

341 2938 437 2984 tus
466 2936 636 2981 erant
665 2915 1071 2998 bombycini,
1110 2913 1213 2980 sed
1247 2936 1442 2979 aetate
1477 2921 1668 3000 longe
1698 2914 2024 2981 inferiores

1856 3016 2026 3098 supe-

405 3130 434 3161 *
468 3130 540 3178 Vt
574 3147 613 3178 c.
643 3147 719 3191 14,
742 3126 763 3190 3
830 3127 1018 3177 Galeus
1057 3125 1227 3177 laudat
1260 3125 1381 3177 inde
1415 3131 1463 3176 ἂν
1446 3150 1551 3189 νειμ
1530 3135 1685 3191 κᾶξω,
1732 3127 2023 3180 Nedhamus
2109 3122 2112 3127 ⁴

471 3203 724 3256 αναγκάσοα.
763 3214 766 3217 ’
1805 3231 1809 3235 ⁴

403 3263 428 3291 *
464 3264 1018 3322 Vre.5‚2na31'⁴‚·oe«3027,
1065 3267 1364 3321 βῐῖονκαὲἵσοα.

403 3333 461 3363 μ
494 3331 567 3382 Vt
590 3347 633 3380 c.
658 3349 731 3390 10,
755 3350 779 3379 2
805 3330 859 3381 in
884 3330 1004 3379 Cod.
1030 3328 1140 3379 Gal.
1167 3347 1182 3380 ι
1228 3344 1334 3379 erat
1357 3340 1559 3390 κειμέων,
1587 3346 1676 3396 pro
1702 3343 1984 3383 πεπτωκέτωι.
