2112 3528
426 121 674 170 noix.
740 101 1108 196 xA‘mezr.
1173 120 1356 166 xro.
1410 122 1443 166 Β

1682 53 1834 194 23

79 246 171 297 viz
192 242 367 311 poss'it:
433 247 600 295 conati
635 243 755 296 sunt
786 245 898 294 Viri
951 259 1070 309 ceps
1106 241 1452 299 coniecturae.
1485 253 1540 291 et
1563 239 1763 297 Clotius

55 312 213 364 -ἀοᾶἰ
248 312 402 361 verbo
442 313 679 377 opitulari
722 312 894 362 conie-
949 309 1277 376 subscriptor,
1319 309 1559 359 audiendi
1585 308 1764 358 viden-

78 380 243 430 auris.
295 379 407 441 Qui
437 377 595 429 ἔκσπα
616 381 893 443 corrigunt,
950 391 1068 452 tur,
1137 378 1225 442 qui
1274 376 1475 425 rescribi
1517 375 1763 425 iubebant

75 460 135 495 vt
170 445 513 500 casaubonus,
559 462 664 495 non
696 447 893 495 tollunt

74 510 446 563 difficultatem.
464 527 542 561 res
554 512 690 562 enim
706 512 888 561 eodem

71 580 235 636 redit,
264 580 372 629 siue
390 577 556 642 ἄκοντος
581 579 747 644 legas,
784 577 889 628 fiue

73 645 247 696 ἄκοπα·
277 660 334 695 vt
370 663 475 697 non
515 662 689 710 parum
719 646 887 702 mirer,

72 711 469 776 Valquenarium
486 712 546 760 ad
561 710 887 777 Eurip.Phoe-

68 771 181 829 nilis
198 797 247 845 p.
266 796 283 828 ι
301 791 354 835 28
368 796 470 828 non
484 778 640 829 modo
661 777 884 844 probasse

67 844 259 895 assensu
297 845 386 894 suo
424 845 786 896 correfflonem
822 845 882 895 il·

66 911 280 966 lam‚sed
307 911 463 961 ἄκοντε
477 913 627 962 etiam
644 911 881 977 adipsum
919 956 932 970 ,

65 979 419 1029 affentatorem
450 978 706 1030 retulisse:
742 979 879 1044 quod

66 1045 193 1103 fieri,
207 1062 296 1112 per
318 1048 456 1112 leges
476 1046 880 1110 quidemGt-am-

65 1112 289 1192 gnaticasq
308 1129 425 1229 ⁰⁰3·
437 1112 753 1196 poteffiquae
766 1126 879 1162 tum

59 1182 324 1310 iggetiimistb
345 1179 882 1312 Zafifffmmrepssiilgae

64 1313 117 1363 di
140 1311 434 1362 Nedhamus
466 1312 645 1367 debet,
676 1314 762 1376 qui
787 1311 874 1361 fibi

63 1376 335 1439 aliquando
360 1377 410 1426 in
446 1391 670 1428 mentem
701 1378 772 1427 ait
794 1395 874 1428 ve·
920 1431 922 1436 ,

62 1444 214 1503 nisse,
249 1453 319 1493 za)
345 1447 552 1494 ἐπινέυσκι
589 1452 633 1493 δὲ
672 1445 869 1497 &nien-x.

59 1512 248 1574 Neque
286 1527 403 1559 vero
446 1511 696 1561 Lamberti
747 1510 873 1561 Bosii

58 1577 311 1628 sententia
348 1579 539 1643 placet,
584 1578 750 1642 quiin
790 1579 872 1627 lit-

15 1702 20 1708 ,
58 1645 181 1695 tetis
218 1645 280 1693 ad
315 1660 555 1711 magnum
587 1645 871 1695 Fabricium

12 1766 14 1770 ,
58 1710 145 1776 (ad
188 1713 379 1762 calcem
418 1710 551 1763 vitae
585 1713 770 1768 Fabric.
818 1730 868 1778 p.

60 1779 183 1840 2²⁴)
205 1779 531 1836 emendabat,
560 1796 665 1830 non
697 1791 868 1830 tamen

59 1846 280 1912 primm,
340 1862 455 1895 nam
495 1847 738 1896 Parianus
768 1848 867 1896 iam

0 1928 8 1943 ‘
57 1914 129 1963 ita
174 1910 464 1971 censuerat,
519 1912 713 1970 ἄκοντας·
771 1913 868 1963 hoc

8 1991 11 1997 '
55 1978 233 2037 sensu,
278 1994 419 2044 quum
458 1981 499 2028 is
524 1981 714 2046 aliquid
731 1982 869 2039 dicit,

54 2046 181 2097 alios
225 2045 364 2094 iubet.
390 2058 552 2095 tacere
593 2058 645 2096 et
690 2049 869 2097 inuitos

51 2129 157 2163 eum
178 2113 389 2162 laudare.
424 2115 494 2163 At
520 2113 584 2163 fic
606 2114 865 2180 personam

51 2179 364 2230 assentatoris
388 2193 442 2229 et
467 2181 732 2230 leuitatem
761 2199 864 2232 non

52 2246 204 2297 video
219 2245 346 2295 satis.
413 2247 598 2298 Eadem
621 2248 685 2297 de
703 2248 864 2297 caussa

0 2315 5 2322 '
50 2312 378 2364 reiiciendam
414 2329 540 2380 puto
589 2314 706 2364 Pani
742 2331 865 2364 con-

49 2380 315 2437 iefturam,
381 2381 469 2445 qui
516 2382 611 2447 legi
657 2382 864 2432 iubebat

49 2447 269 2504 ἄκέοπας·
324 2447 464 2515 quod
498 2451 649 2499 etiam
685 2450 862 2515 inepte

0 2519 7 2531 '
47 2514 383 2572 redundaret,
409 2518 567 2579 quum
594 2515 862 2582 praecedat

0 2621 4 2631 .
45 2583 123 2637 n‘:
151 2580 294 2637 aba...
367 2586 439 2631 An
467 2582 623 2648 igitur
636 2581 860 2633 Suartius

44 2647 181 2698 reste
213 2649 457 2713 receperit
496 2648 763 2699 leffionem
799 2650 859 2700 il-

45 2714 172 2772 lam,
204 2731 354 2780 quam
381 2713 701 2767 casaubonus
734 2733 861 2781 quo-

83 2797 148 2831 ue
162 2796 214 2831 et
229 2782 494 2833 Bencelius
514 2783 647 2832 tueri
669 2782 856 2833 voluis·

70 2865 94 2894 e
118 2847 379 2907 videntur,
427 2865 685 2915 quemque
713 2850 873 2916 spero

42 2912 145 2964 effe
202 2913 383 2980 sponte
442 2915 858 2967 existimaturum.

0 2979 108 3032 „Et
166 2997 325 3041 quum
369 2981 741 3047 Theophrastus
789 2984 856 3034 de

36 3046 275 3097 sermone
320 3047 552 3099 familiari
601 3051 855 3114 loquatur,

0 3148 6 3161 .
37 3128 146 3166 non
170 3114 234 3164 de
259 3114 630 3167 declamatione
654 3133 707 3167 et
728 3119 856 3167 reci-

39 3180 260 3233 tatione:
305 3197 403 3233 nec
423 3180 697 3250 Reisquius„
717 3183 855 3252 prin-

948 442 1128 506 ᾅδοντος.
1189 444 1360 492 Multo
1381 459 1552 493 autem
1588 442 1760 492 minus

946 509 1132 559 arridet
1154 510 1338 559 Clerici
1351 507 1656 568 emendatio,
1670 507 1761 573 qui

946 575 1042 645 [A.
1064 577 1118 627 C.
1166 594 1208 639 3,
1235 594 1274 628 ι.
1303 592 1344 639 3.
1366 579 1427 641 7]
1482 575 1762 642 legendum

943 642 1287 694 contendebat
1311 650 1525 705 ῥκέοντα,
1560 643 1655 702 ita,
1689 653 1761 691 et·

943 711 1041 758 iam
1058 726 1150 759 non
1162 710 1407 775 loquutum
1421 711 1609 760 laudat.
1622 710 1763 759 Nam

942 778 1151 827 verbum
1185 777 1256 828 est
1280 779 1535 843 poeticum
1553 813 1566 837 ,
1604 791 1758 840 atque

941 842 1190 894 eiusmodi
1234 844 1371 908 quod
1419 842 1627 895 'sensum
1674 842 1759 894 hic

939 911 1146 975 quidem
1174 910 1503 963 commodum
1531 910 1614 960 vix
1637 910 1758 964 fun-

939 979 1048 1027 dat:
1071 979 1238 1028 vtiam
1261 978 1428 1028 Bofius
1446 992 1622 1037 contra
1647 992 1758 1027 mo-

938 1045 1066 1095 nuit.
1101 1046 1364 1095 Bencelius
1393 1060 1579 1105 tamen,
1606 1043 1640 1094 si
1662 1043 1756 1093 ad-

937 1112 1230 1162 mitteretur
1265 1113 1352 1161 illa
1375 1110 1643 1168 correctio,
1677 1110 1756 1161 di·

935 1179 1156 1228 cendum
1183 1179 1419 1244 putabat,
1457 1176 1754 1243 Theophra·

934 1243 1062 1294 stum
1087 1244 1297 1295 allusisse
1333 1246 1393 1295 ad
1428 1244 1577 1293 verba
1610 1257 1754 1293 vete-

934 1312 1001 1359 ris
1057 1310 1316 1365 cuiusdam
1378 1317 1569 1376 poetae.
1650 1309 1754 1361 effe

934 1377 1070 1426 eni¹m
1096 1376 1493 1436 hemistichium,
1521 1386 1588 1425 καὶ
1628 1383 1753 1426 ἐπαι-

933 1444 1084 1491 νιῗσῠάει1
1099 1447 1134 1491 ὂ’
1157 1450 1351 1492 ἀκέοντα.
1425 1443 1588 1510 νηῐςε
1603 1443 1751 1492 nobis

931 1509 1123 1575 placuit
1156 1508 1408 1577 Sylburgii
1438 1509 1749 1573 Auberiique

929 1577 1219 1626 emendatio
1235 1612 1247 1634 ‚
1306 1575 1527 1634 ἂκέοντος,
1582 1577 1652 1625 ita
1690 1588 1750 1626 vt

927 1660 1055 1699 eam,
1077 1643 1185 1708 post
1200 1643 1526 1694 Nedhamum
1552 1657 1604 1692 et
1620 1641 1749 1692 Ges-

927 1727 1107 1761 nerum
1139 1711 1193 1761 in
1213 1709 1634 1768 Chrestomathia‚
1667 1726 1748 1759 re-

927 1780 1229 1843 ceperimus.
1301 1778 1432 1828 Nam
1470 1778 1635 1843 primo
1670 1775 1748 1826 di-

925 1845 1056 1895 serte
1099 1846 1164 1896 fic
1209 1845 1474 1912 legebatur
1519 1844 1572 1894 in
1618 1843 1745 1894 Cod.

927 1912 1036 1962 Gal.
1056 1930 1092 1963 1.
1117 1930 1139 1960 2
1156 1931 1170 1960 :
1204 1912 1288 1962 sed
1313 1911 1605 1978 scripturam
1636 1909 1744 1967 ἅκυ·

925 2002 1021 2037 τος,
1061 1996 1190 2044 quae
1214 1982 1266 2029 in
1290 1980 1415 2033 Cod,
1439 1979 1584 2029 Trin.
1617 1993 1742 2037 erat,

925 2063 1029 2096 non
1043 2061 1172 2113 puto
1188 2045 1286 2095 huc
1299 2047 1567 2112 pertinere,
1579 2061 1739 2110 quum

924 2113 1075 2163 nimis
1108 2127 1339 2179 apertum
1360 2113 1446 2172 sit,
1479 2113 1741 2164 librarium

923 2182 1286 2245 neglegentem
1313 2196 1403 2248 pro
1430 2179 1598 2237 ἄκοντος
1622 2178 1739 2230 scri-

923 2244 1060 2311 psisse
1091 2245 1280 2304 ἄκουτος.
1357 2247 1558 2296 Deinde
1580 2245 1739 2297 affen.

921 2326 1055 2363 tator
1077 2312 1172 2364 hoc
1188 2315 1342 2364 modo
1366 2313 1628 2380 personam
1656 2310 1737 2363 su·

918 2395 1016 2449 am,
1042 2379 1148 2430 suas
1174 2387 1353 2447 parteS,
1378 2382 1629 2446 reperitur
1649 2381 1739 2431 be-

919 2464 985 2497 ne
1007 2463 1182 2512 agete3
1215 2464 1374 2513 quum
1398 2448 1540 2498 videt
1560 2463 1737 2512 regem

918 2514 1066 2564 suum
1110 2514 1262 2565 verba
1307 2516 1501 2575 facere,
1554 2529 1736 2566 monet

918 2580 1203 2647 praesentes
1228 2596 1284 2633 vt
1317 2583 1516 2639 fileant3
1569 2596 1732 2647 quum

917 2649 1092 2707 silent,
1116 2666 1274 2714 quum
1302 2667 1388 2700 rex
1418 2650 1566 2700 verba
1593 2648 1732 2706 facit,

918 2715 1171 2781 praedicat
1217 2716 1480 2767 assentator
1521 2718 1732 2765 virtutes

914 2782 1046 2848 regis
1081 2797 1134 2833 et
1173 2784 1344 2835 laudat
1371 2782 1732 2850 praesentibus,

916 2863 972 2898 vt
990 2847 1092 2914 ipse
1115 2850 1298 2901 audiat.
1363 2852 1603 2915 Denique
1622 2864 1730 2899 non

913 2932 1048 2965 noua
1070 2916 1141 2966 est
1164 2933 1260 2969 nec
1283 2935 1386 2970 rara
1420 2914 1730 2983 permutatio

914 2984 1183 3033 verborum
1210 2983 1315 3036 ἄκων
1328 2998 1380 3036 et
1394 2984 1538 3034 ἀκέων.
1581 2980 1727 3047 Apud

912 3051 1100 3099 Aelian.
1118 3051 1177 3099 V.
1193 3051 1257 3101 Η.
1276 3071 1350 3110 12,
1372 3069 1383 3100 ι
1409 3068 1453 3115 p.
1469 3049 1729 3108 721Gron.

911 3133 1001 3182 pro
1020 3117 1217 3185 ἀᾳέσασα
1231 3118 1512 3183 Leopardus
1526 3114 1727 3183 [emen-

910 3182 1032 3233 datt.
1051 3203 1095 3244 2,
1118 3187 1196 3251 υ]
1223 3184 1440 3238 restituit
1460 3181 1623 3241 invoa,
1649 3181 1727 3232 as·

898 3250 936 3301 Β
970 3269 1005 3316 4
1497 3249 1726 3302 sentien-
