2112 3528
324 2271 333 2273 *
392 2249 448 2299 in
482 2247 725 2296 auiditate
758 2245 957 2299 edendi,

453 310 683 378 προαιρῶν]
727 309 881 360 Codd‘.
914 310 1103 360 Guelff.
1144 323 1198 360 et

386 382 441 434 Ν
444 382 564 430 orib.
580 378 867 443 Crat.Opor.
881 377 1016 426 Stob.
1029 377 1197 443 Steph.

387 450 507 515 Lyc.
534 445 668 512 sylb.
693 445 822 498 Aub,
848 444 1030 493 Morelz
1063 445 1195 494 Furl.

388 522 603 574 προαίρων.
690 510 786 560 Sed
821 511 875 559 in
911 512 1045 560 notis
1081 527 1196 577 pro-

386 584 472 631 bat
493 579 786 645 Sylburgius
806 575 1096 642 scripturam
1125 578 1196 627 al·

388 662 573 697 teram.*
617 644 763 694 reste.
829 644 991 693 Etiam
1015 645 1198 694 Casau-

387 714 552 764 bonus
573 711 737 761 reiicit
760 709 1026 761 leffionem
1057 719 1200 771 προαί-

391 803 494 840 ρων,
531 777 772 844 saepeque
793 791 1056 843 peccatum
1087 795 1114 827 a
1139 777 1195 826 li·

387 846 560 898 brariis
610 845 709 895 effe
748 843 1106 895 animaduertit
1143 845 1198 893 in

389 914 464 969 his
484 912 669 963 verbiS.
1178 908 1186 914 “

320 1029 322 1033 .
455 988 577 1036 δεινῶς
621 978 812 1042 ῴαγὲἶν]
881 975 1201 1026 casaubonus

388 1047 570 1112 corrigi
589 1045 793 1094 volebat
812 1051 938 1099 δεινός·
973 1043 1109 1108 quod
1126 1043 1200 1092 di-

389 1115 525 1173 {tum
549 1110 685 1169 effer,
698 1125 753 1160 vt
774 1127 816 1164 c.
841 1128 919 1175 ¹‚3
959 1118 1071 1165 δεινὸς
1093 1123 1201 1169 χρῆ-

388 1186 500 1235 ὲὶαι.
537 1179 634 1229 Sed
654 1194 758 1227 non
781 1177 970 1243 primus
991 1176 1095 1226 fuit
1108 1177 1199 1225 Vir

388 1248 632 1304 summm,
644 1245 732 1309 qui
744 1244 811 1295 ita
827 1243 1069 1293 censeret.
1083 1258 1197 1292 nam

389 1315 490 1366 iam
521 1314 575 1363 in
608 1327 760 1377 marg.
807 1312 981 1359 Morel.
1029 1323 1198 1359 extare

390 1381 544 1432 video
561 1380 619 1428 ἰ’σ.
640 1387 766 1434 amoq.
805 1377 1012 1442 Recepit
1026 1376 1077 1425 in
1091 1391 1198 1425 tex-

389 1462 503 1500 tum
526 1445 868 1495 Kirchmanus.
905 1444 1049 1493 Idem
1073 1442 1199 1492 fecit

381 1530 553 1581 nuper
586 1512 809 1563 Suartius
841 1526 960 1561 cum
993 1508 1198 1560 Nedha-

389 1598 494 1640 mo,
519 1579 607 1645 qui
630 1587 758 1636 δεινὸς,
782 1594 884 1642 non
909 1586 956 1627 δα
966 1588 1061 1635 νῶς,
1085 1575 1205 1626 scri?

390 1662 538 1715 ptum
575 1647 629 1695 in
649 1645 907 1700 Cod.,Gal.
937 1662 978 1695 1.
1000 1644 1030 1692 2'
1054 1644 1198 1693 inue-

385 1715 484 1773 nit.
545 1713 705 1762 Etiam
728 1713 780 1761 in
809 1712 928 1760 Cod.
967 1709 1143 1761 Guelf.
1173 1727 1190 1760 1

390 1782 550 1850 prima
579 1795 755 1828 manus
786 1778 1040 1844 scripserat
1068 1785 1195 1834 δεινὸς,

391 1865 425 1903 e
437 1863 539 1913 quo
553 1845 719 1912 postea
729 1846 822 1895 alia
833 1861 1009 1895 manus
1025 1860 1102 1894 em
1111 1860 1196 1893 en·

391 1915 552 1965 datrix
576 1913 701 1963 fecit
737 1920 876 1968 δεινῶς.
942 1913 1018 1961 Ac
1054 1911 1198 1959 nobis

390 1982 594 2049 quidem
620 1979 715 2029 hoc
747 1979 903 2044 magis
935 1977 1198 2027 arridebat.

307 2071 310 2076 ·
391 2065 510 2100 nam
542 2047 704 2113 primo
736 2052 945 2106 ἀγροικίαν
968 2058 1197 2111 apertum

392 2128 521 2183 puto
547 2113 685 2163 cerni
717 2129 821 2162 non
848 2112 1001 2161 modo
1034 2128 1086 2160 m
1122 2111 1198 2159 in-

394 2195 514 2249 epte
538 2179 754 2237 edend0‚
775 2178 860 2228 sed
876 2181 956 2227 vel
981 2178 1198 2227 maxime

1014 2244 1200 2294 deinde

393 2330 555 2379 quum
588 2313 793 2362 verbum
826 2315 920 2360 πιεῖν
956 2311 1042 2361 fibi
1085 2311 1198 2360 iun-

394 2382 531 2431 &um
556 2378 921 2433 babeat,veluti
942 2376 1201 2438 comitem,

393 2445 710 2498 Aduerbium
733 2452 971 2507 ζωρότερον·
1020 2457 1198 2493 natura

395 2511 779 2568 concinnitatiS,
825 2510 969 2560 euius
1005 2524 1197 2559 veteres

396 2579 589 2631 constat
631 2577 984 2628 studiofiffimos
1035 2576 1199 2636 fuiss'e,

395 2663 511 2710 non,
525 2645 727 2695 videtur
746 2644 848 2710 pati
867 2643 1015 2710 poffe,
1027 2658 1078 2693 vt
1092 2660 1198 2692 ver-

396 2713 520 2764 bum
563 2715 706 2772 φαγᾶν
752 2712 1067 2775 relinquatur
1105 2726 1198 2759 nu-

396 2779 791 2841 dumrfimilique
814 2792 977 2827 careat
998 2777 1199 2827 comite.

395 2848 561 2899 Etiam
591 2846 643 2895 in
672 2845 810 2893 libris
839 2844 1070 2897 Politiani
1099 2844 1202 2894 fuit

399 2922 536 2970 δεινῶς·

398 2982 574 3031 katina
603 2978 723 3028 haec
754 2978 1017 3042 leguntur,
1059 2989 1106 3026 et
1141 2993 1200 3024 ex

397 3058 521 3113 penu
535 3045 725 3112 aliquid
744 3044 920 3103 narius,
932 3059 1080 3108 quam
1094 3042 1198 3094 aui·'

400 3113 598 3164 dissime
614 3112 829 3169 comedit.
1175 3131 1181 3136 ·

469 3178 636 3247 παςᾷν]
669 3180 744 3231 Ita
766 3175 890 3242 legit
915 3175 1067 3228 etiam
1089 3174 1199 3224 Du-

590 2926 706 2961 nam
739 2911 792 2959 in
828 2911 1060 2961 Verfione
1091 2911 1217 2959 eius'

1319 89 1322 92 .
1341 67 1383 111 ζ’.
1413 83 1430 118 ‘A

910 188 956 234 Θ
983 187 1018 232 Ε
1045 188 1088 232 O
1113 187 1150 233 Φ
1174 187 1204 232 Ρ
1233 190 1272 233 A
1293 186 1333 234 Σ
1352 186 1392 232 T
1419 186 1463 232 Ο
1490 186 1535 233 T

1241 310 1410 369 Codri,
1425 310 1612 360 Guelff.
1635 310 1765 362 Gall.
1782 313 1931 367 Vulc.·
1955 312 2057 365 Os.
2109 306 2112 315 ²

1249 378 1392 427 born.
1428 392 1481 428 et
1515 379 1689 426 Norib.
1727 381 1857 431 Crat.
1900 381 2057 447 Opor.
2091 407 2094 413 ·

1251 445 1384 498 Stob.
1412 445 1542 493 Furl.
1569 443 1754 494 habent
1772 459 1923 506 πειρῶν.
1953 465 2060 497 ma«

1253 511 1319 562 le.
1355 511 1481 561 Fieri
1498 511 1672 575 potest,
1687 526 1741 561 vt
1757 515 2058 578 praecedens

1251 577 1572 643 Participium
1613 590 1811 638 προαιρῶν
1851 597 2059 646 pepere·
2107 593 2112 618 ’-

1254 647 1320 693 rit
1341 643 1436 693 hoc
1469 645 1664 693 vitium.
1732 646 1794 694 Et
1825 663 1890 706 ne
1922 647 2059 696 insti·
2105 690 2112 694 .

1255 711 1357 761 tuti
1377 709 1529 759 nostri
1564 711 1884 762 immemores
1910 714 2060 763 duca·-

1255 794 1384 835 mur,
1400 777 1521 842 quid
1548 777 1740 827 Suartio
1754 779 1947 829 deloco
1962 779 2059 830 hoc

1254 843 1414 895 visum
1439 843 1511 902 fit,
1536 846 1700 909 placet
1717 847 1937 896 breuiter
1968 847 2060 895 do·
2098 862 2101 866 ·

1255 927 1384 959 cere.
1399 926 1565 973 neque
1579 912 1712 960 enim
1730 913 2057 964 commodum

1254 976 1368 1027 satis
1398 990 1673 1041 aptumque
1696 995 1725 1027 e
1750 981 1956 1046 Vulgata
1986 986 2060 1029 le-

1255 1042 1420 1093 &ione
1441 1040 1636 1093 sensum
1663 1044 1780 1094 elici
1802 1045 1936 1111 poffe
1956 1046 2060 1105 fibi,

1255 1109 1339 1160 sed
1364 1123 1583 1168 temere,
1641 1110 1942 1176 persuaserat
1966 1114 2058 1162 Vir

1255 1175 1442 1225 doetus.
1521 1178 1871 1228 Contendebat
1903 1180 2062 1244 igitur
2104 1218 2107 1219 γ

1255 1244 1356 1309 legi
1378 1255 1636 1307 oportere,
1663 1254 1732 1293 καὶ
1758 1244 1834 1301 ‘riv
1855 1255 2059 1295 σιτοποιὸν

1253 1319 1386 1368 πυρῶν
1409 1313 1636 1369 λαταγεῖν,
1683 1315 1763 1360 vel
1795 1312 1945 1361 etiam
1981 1329 2059 1361 λα-

1253 1380 1358 1433 miv,
1384 1373 1676 1436 hoc‘sensu,
1690 1378 1941 1444 panificem
1966 1381 2060 1428 tri·
2110 1383 2112 1387 ’

1255 1444 1350 1492 tico
1378 1454 1614 1492 exonerat.
1682 1446 1844 1503 Certe,
1864 1445 2059 1495 seruato

1254 1509 1410 1560 verbo
1441 1512 1598 1572 παςᾷν,
1630 1510 1677 1559 ei
1699 1509 2059 1572 subiiciendam
2110 1564 2112 1577 ,

1253 1576 1461 1643 putabat
1486 1578 1747 1627 notionem
1778 1591 1976 1644 turpem
2006 1590 2060 1628 et
2087 1579 2109 1617 ἰ

1253 1641 1541 1702 obscenam,
1583 1644 1894 1709 verbumque
1923 1648 2063 1695 λαθεῖν
2088 1664 2106 1685 -‚

1254 1709 1553 1759 mutandum
1580 1712 1631 1759 in
1655 1715 1811 1771 λαβεῖν,
1836 1713 1972 1776 quod
1996 1712 2059 1760 ad

1254 1777 1403 1826 verba
1423 1774 1737 1840 insequentia
1767 1779 2057 1844 pertineret.
2106 1779 2110 1789 “

1252 1844 1405 1906 Quae
1435 1845 1604 1892 om'nia
1635 1843 1811 1894 frustra
1851 1843 2058 1895 sumun—
2084 1902 2093 1911 ι

1255 1925 1338 1959 tur
1365 1926 1392 1960 a
1415 1909 1522 1958 viro
1545 1910 1882 1960 eruditiffimo.
1927 1912 2058 1960 Nam

1255 1974 1468 2036 ἄγροικος,
1492 1977 1719 2043 ingenuus
1747 1977 1876 2027 homo
1899 1991 1946 2027 et
1963 1990 2059 2043 pa-

1254 2040 1576 2106 terfamilias,
1609 2060 1765 2108 quum
1801 2048 1986 2111 promit
2027 2061 2058 2095 e
2103 2062 2112 2103 ζ

1255 2111 1380 2160 cella
1401 2110 1600 2175 penaria
1622 2111 1826 2174 aliquid,
1846 2113 2060 2177 diligen-

1255 2192 1333 2226 ter
1345 2190 1500 2235 cauet,
1524 2194 1590 2226 ne
1605 2177 1936 2241 conspiciatur
1955 2177 2058 2228 for-

1255 2256 1391 2292 teet
1431 2243 1831 2308 deprehendatur
1855 2245 1915 2293 ab
1945 2246 2058 2293 baro-

1254 2312 1355 2374 orozqi
1366 2308 1517 2375 Jbrua
1540 2322 1590 2358 et
1612 2308 1790 2374 custode
1813 2313 1950 2361 cellae
1975 2323 2057 2377 pe-

1252 2392 1432 2425 nartae.
2085 2424 2090 2436 ,

1321 2438 1441 2508 κᾷτ’]
1462 2441 1635 2492 Norib.
1655 2445 1780 2493 Crat.
1795 2444 1949 2510 Opor.
1966 2445 2056 2494 Ca-

1252 2523 1378 2559 mot.
1402 2509 1532 2558 Furl.
1557 2508 1674 2559 κᾶτ’.
1975 2524 1982 2535 ·
2085 2517 2091 2522 ’

1288 2583 1294 2587 ’
1319 2577 1492 2639 ἀλέσαι]
1529 2576 1606 2626 Ita
1633 2593 1748 2627 cum
1764 2577 1958 2626 Suartio
1980 2593 2057 2627 re·
2085 2599 2087 2601 ·

1255 2641 1530 2707 scripfimus
1548 2659 1574 2701 ,·
1592 2644 1657 2693 de
1688 2644 1936 2694 sententia
1966 2646 2058 2693 Ca-

1254 2709 1527 2760 sauboniet
1539 2711 1772 2775 Reisquii.
1806 2727 1920 2760 nam
1947 2710 2061 2775 post

1255 2777 1401 2825 verba
1434 2780 1526 2835 μετ’
1549 2780 1678 2834 adria,-
1708 2777 1926 2827 inserer'e
1951 2785 2060 2826 ver-4
2080 2798 2082 2800 ·

1254 2843 1378 2893 bum
1404 2846 1581 2903 μετρεῖν,
1608 2845 1737 2908 quae
1759 2844 1864 2894 erat
1886 2844 2057 2904 eonie-
2083 2900 2087 2912 ι
2110 2845 2112 2869 ³

1255 2910 1390 2959 stura
1417 2908 1690 2959 Casauboni
1711 2910 1880 2969 altera,
1904 2910 2054 2960 nimis

1254 2977 1438 3025 durum
1460 2976 1738 3036 videbatur,
1759 2992 1815 3027 vt
1839 2993 1942 3026 non
1967 2993 2055 3042 pa-
2107 3025 2108 3039 ἶ

1253 3058 1366 3091 rum
1382 3043 1547 3099 mirer,
1562 3040 1926 3101 Kirchmanum
1949 3058 2055 3092 non
2106 3051 2112 3083 ἐκ

1216 3115 1219 3120 ”
1255 3109 1424 3167 modo,
1449 3109 1533 3159 sed
1554 3112 1707 3160 etiam
1729 3109 2055 3166 Schmidium‚

1255 3192 1425 3226 amore
1447 3178 1556 3227 eius
1583 3178 1653 3226 ita
1684 3178 1792 3242 capi
1824 3175 1874 3225 se
1898 3175 2055 3240 passos

399 3251 584 3311 querus
607 3245 668 3297 ad
680 3242 970 3312 Thucyd4p.
988 3259 1082 3308 393.
1103 3241 1197 3292 Sed
1255 3242 1368 3302 effe,
1385 3256 1441 3295 vt
1458 3243 1520 3306 ‚in
1543 3256 1740 3297 textum
1759 3243 2061 3328 receperint.
2101 3251 2106 3318 f

1943 3327 2025 3368 Αλε
2036 3335 2056 3348 ·
2100 3335 2104 3362 ι
