2112 3528
938 129 1482 174 PRAEFATIO

366 267 640 359 piosum‚
657 266 720 331 in
739 287 870 352 quo
889 262 1041 329 nihil
1066 262 1858 351 intaClumrelinqueretur,
1872 266 2049 352 quod
2081 290 2086 291 ⁷

366 367 606 456 aliquid
634 363 1000 430 difficultatis
1019 365 1247 430 habere
1273 361 1472 429 videri
1499 361 1713 449 poffet.
1750 410 1762 414 »ν
1810 365 1931 430 Sed
1959 388 2050 431 re-

367 470 522 535 stare
558 463 844 547 videtur,
895 483 964 531 vt
1005 461 1219 549 paucis
1259 465 1510 528 tollatur
1554 461 1859 528 dubitatio
1892 485 2050 550 quo·
2104 489 2105 492 ¹

366 565 638 634 tundam
673 564 752 629 de
793 561 1048 629 auclore
1091 560 1310 645 libelli,
1348 582 1542 649 quem
1586 585 1708 649 ego
1749 560 2052 646 opinabar

365 665 668 751 scriptum
695 659 814 729 effe
843 682 998 744 tum,
1024 683 1226 749 quum
1260 662 1585 748 Antipater
1613 664 1689 727 ab
1711 661 2051 728 Athenien-

365 764 536 832 fibus
567 763 816 829 coaRus
846 759 989 828 effet
1012 759 1077 826 in
1108 761 1555 826 Macedoniam
1583 760 1804 848 fugere
1828 755 1880 824 *.
1929 760 2052 827 Etfi

366 864 535 930 enim
556 881 649 928 tot
675 881 932 948 tamque
953 859 1121 926 doffi
1137 858 1275 925 Viri
1302 857 1634 926 ediderunt
1663 880 2051 927 enarrarunt·

364 984 492 1051 que
518 963 639 1027 hos
668 960 1072 1027 Charafleras
1097 957 1341 1023 summa
1370 956 1704 1045 diligentia,
1720 959 1896 1045 quod
1931 959 2053 1024 for·

364 1060 524 1153 taffis
552 1059 737 1125 multi
767 1081 990 1124 eorum
1017 1080 1148 1122 non
1180 1053 1473 1140 fecissent,
1502 1056 1614 1123 nifi
1645 1054 2053 1140 credidiffent‚

368 1181 480 1228 eos
508 1157 628 1228 effe
669 1157 833 1224 fetus
877 1156 1119 1244 ingenii
1151 1156 1616 1240 Theophrastei
1651 1160 1962 1243 elegantes
1991 1176 2053 1222 et

365 1260 695 1330 venustos:
735 1275 942 1323 tamen
965 1278 1096 1322 non
1132 1254 1408 1335 defuere,
1424 1274 1492 1319 vt
1519 1254 1607 1335 fit,
1625 1254 1735 1341 qui
1761 1274 2053 1341 putarent

362 1359 942 1443 contenderentque
969 1353 1363 1441 pertinaciter
1393 1373 1499 1418 aut
1527 1373 1736 1420 totum
1768 1355 2054 1420 libellum

362 1455 810 1543 Theophrasto
835 1453 986 1520 falso
1013 1451 1235 1539 tribui,
1269 1473 1340 1521 vt
1373 1440 1693 1519 Victorius
1712 1448 1768 1538 *,
1798 1453 2054 1540 Stepha·
2104 1453 2110 1458 ’

364 1581 521 1642 nuS,
554 1553 817 1641 Lycius,
842 1557 1192 1634 FurlanuS,
1232 1572 1341 1619 aut
1374 1571 1536 1618 certe
1568 1574 1865 1639 magnam
1892 1551 2051 1617 illius

364 1677 608 1745 partem
633 1654 984 1742 profec'lam
1016 1650 1144 1720 effe
1160 1673 1236 1717 ex
1262 1651 1466 1717 alieno
1499 1652 1774 1739 ingenio,
1792 1672 1858 1717 vt
1884 1650 2052 1716 Reis-

368 1756 560 1846 quius
589 1776 649 1821 et
676 1758 913 1838 Palma,
955 1751 1059 1819 cui
1085 1750 1342 1836 suspecti
1370 1771 1545 1817 erant
1588 1756 1862 1817 maxime
1891 1750 2053 1817 Cha-
2085 1813 2094 1820 „

366 1856 634 1924 maeres
666 1854 949 1942 quinque
973 1851 1285 1938 postremi.
1380 1851 1731 1918 Atvidetur
1759 1850 1852 1916 isti
1871 1849 2052 1935 fitspi·

365 1955 534 2024 cioni
563 1952 1060 2039 dubitationique
1086 1951 1263 2017 facile
1305 1957 1553 2018 occurri
1595 1947 1782 2036 poffe.
1876 1954 2052 2014 Nam

363 2077 440 2125 Vt
478 2055 755 2138 Laertius
810 2053 875 2119 in
916 2055 1063 2118 Vita
1102 2049 1523 2136 Theophrasti
1574 2050 1792 2119 diserte
1847 2049 2051 2132 tradit,

363 2154 792 2241 conscriptum
821 2153 901 2218 ab
936 2173 1017 2218 eo
1049 2147 1167 2222 effe
1185 2151 1419 2215 librum
1446 2146 2048 2233 ιὲθικῶνκαςακτήςων·

364 2253 450 2321 ita
491 2254 592 2320 ille
640 2252 704 2319 in
744 2250 918 2317 libris
966 2247 1203 2334 scriptis
1231 2246 1533 2314 omnibus
1571 2267 1808 2311 nomen
1839 2244 2053 2311 Theo·

335 2352 596 2448 xphrasti
642 2350 940 2416 ostendat.
1035 2351 1160 2416 Cui
1205 2366 1414 2413 tamen
1456 2345 1683 2412 rationi
1726 2343 1851 2429 ipse
1896 2348 2053 2410 mul-

363 2475 509 2521 tum
542 2450 815 2517 tribuere
842 2447 1061 2530 nolim,
1098 2469 1304 2535 quum
1335 2467 1561 2512 omnes
1592 2443 1701 2533 qui
1730 2443 2053 2529 supersunt

366 2551 639 2620 Codices
670 2550 777 2616 vix
819 2547 1090 2614 dubium
1132 2546 1418 2614 videatur
1445 2545 1600 2634 quin
1640 2541 1899 2609 deriuari
1939 2541 2052 2610 smt

366 2673 430 2723 et
459 2648 711 2716 ded-uiti
749 2670 826 2714 ex
856 2670 988 2715 vno
1022 2646 1228 2729 fonte,
1277 2665 1441 2712 certe
1483 2651 1546 2710 in
1574 2641 2052 2710 Charatteribus

363 2750 726 2842 quindecim
765 2747 1106 2834 prioribus*
1183 2768 1326 2810 narn
1358 2743 1555 2810 libros
1584 2762 1803 2807 omnes
1840 2740 2052 2808 videas

367 2875 503 2924 non
535 2849 719 2921 semel
757 2845 1107 2917 consentire
1151 2866 1211 2914 et
1237 2842 1585 2932 conspirare
1622 2841 1686 2906 in
1717 2839 2052 2909 lectionem

1819 2939 2051 3011 falsam.

433 3142 463 3174 ἥ
496 3139 613 3195 vid,
637 3155 679 3189 c.
707 3159 730 3190 2
772 3173 784 3197 ,
808 3155 856 3194 2.
1879 3165 1885 3172 .

432 3235 461 3265 ff*
498 3156 807 3287 VarnLeEiEt.
829 3245 900 3291 17,
914 3244 959 3295 7-
987 3235 1037 3282 18
1077 3242 1147 3296 14.
1180 3243 1298 3291 ζῇς
1337 3226 1462 3282 etin
1488 3222 1855 3281 Rhet.Aristot.
1884 3224 2017 3286 3,16.

2105 2586 2112 2615 'i
