2112 3528
357 150 480 208 mo

432 264 775 330 ἀναβαλόμενος]
829 263 954 313 Cod.
997 261 1172 313 Guelf.

360 339 509 389 Trin.
533 349 584 385 et
604 337 797 381 Camot.
823 331 955 380 Furl.
983 337 1171 391 ἂναβοιλ-

341 398 542 462 ἶλόμενος·
590 399 728 464 quod
773 397 1067 448 Nedhamus
1104 409 1172 454 et,

361 471 451 535 qui
485 469 594 518 eius
617 465 965 516 austoritatem
991 463 1173 528 sequu-

360 552 446 587 tus
476 533 574 591 est,
615 531 838 582 Suartius
863 530 1173 596 postliminio

359 601 704 652 restituerunt.
711 612 925 648 temere
964 599 1082 646 Non
1098 596 1170 644 so-

359 671 471 720 lum
494 668 698 733 linguae
729 665 952 724 indoles,
990 663 1074 714 sed
1095 678 1174 713 res

359 737 533 786 etiam'
551 732 680 800 ipsa,
722 732 988 801 requirunt
1034 733 1176 780 Aori-

359 802 507 854 stum.
541 818 655 851 nam
683 798 835 848 homo
861 798 1042 848 fo'edus
1064 813 1176 873 pro-

358 870 471 919 dit
460 885 511 917 m
527 868 785 918 nublieum
810 882 967 929 quum
991 863 1042 912 se
1056 863 1178 912 ami·
1199 903 1201 905 .

361 936 488 987 ciuit
510 933 691 1001 pallio,
727 950 828 982 non
853 948 1009 997 quum
1038 929 1088 979 se
1114 946 1178 979 eo

363 1001 553 1077 ankcit.
589 999 706 1050 Vid.
731 1015 861 1063 quae
884 996 1138 1048 eandem
1123 1013 1179 1046 m

345 1087 472 1121 'rem
494 1066 769 1133 scripsimus
795 1066 855 1115 ad
880 1083 924 1116 c.
945 1083 1044 1131 5,2.

433 1201 680 1254 σπενδόντων
715 1202 945 1264 ἐκβαλεῖν]
984 1203 1179 1249 Camot.

364 1273 500 1323 Furl.
533 1268 790 1319 ἆσσυδᾶντων
825 1276 1065 1329 ἐμβαλλεῖν·
1103 1282 1179 1314 re-

363 1340 495 1402 liqun
556 1338 668 1385 libri
715 1351 910 1401 praeter
959 1333 1182 1383 Kirchm.

365 1404 537 1456 Nedh.
565 1419 616 1452 et
642 1404 797 1451 Suart
827 1400 1075 1453 σπενδόντων
1109 1408 1185 1458 ἐμ-

367 1481 527 1535 βαλεῖω
577 1470 1020 1537 Sylburgffinsiam,
1055 1482 1185 1531 quae

368 1554 478 1589 erat
516 1539 567 1587 in
607 1555 667 1586 eo
704 1537 1005 1584 Graecarum
1051 1538 1188 1584 litte-

367 1621 535 1655 rarum
563 1604 748 1652 summa
776 1604 1012 1660 scientia,
1041 1600 1187 1658 vidit,

369 1680 570 1731 ἐμβαλεῖν
594 1672 762 1719 locum
791 1669 868 1721 hic
892 1669 1072 1718 habere
1084 1684 1186 1717 non

370 1737 526 1806 posse,
543 1754 708 1799 neque
731 1752 900 1785 tamen
926 1736 1111 1787 audere
1136 1734 1188 1784 se

360 1805 522 1856 >fassus
576 1805 643 1853 est
689 1820 842 1867 repo·
838 1820 934 1851 ere
981 1810 1187 1862 ἐκβαλεῖν,

372 1873 512 1938 quod
547 1873 680 1919 idem
720 1873 912 1920 valeret
946 1869 1082 1934 quod
1123 1875 1190 1916 ἐκ·-

374 1950 527 1998 ςςέψκι
579 1951 803 1988 euertere.
884 1937 1005 1999 Qua
1042 1939 1091 1983 in
1137 1952 1191 1984 re

372 2004 589 2056 fortaffis
643 2000 771 2053 iusto
822 2003 1050 2053 timidior
1090 2002 1192 2051 fuit

376 2074 472 2122 Vir
502 2071 751 2120 summus:
806 2072 894 2121 etsi
934 2070 1194 2127 timiditas’,

375 2142 531 2189 eriam
568 2139 744 2195 nimia,
786 2137 880 2187 hoc
914 2138 966 2187 in
1006 2151 1194 2202 genere

375 2206 572 2270 saepius
611 2207 776 2255 multo
824 2205 1083 2254 salutarior
1124 2201 1195 2253 est

378 2288 433 2323 et
457 2273 645 2331 vtilior‚
665 2289 815 2336 quam
839 2271 1041 2320 effrenis
1063 2270 1196 2318 mul-

379 2353 568 2405 torum,
595 2339 756 2387 nostra
780 2339 996 2386 maxime
1015 2348 1195 2392 aetate,

381 2405 605 2462 audacia,
628 2405 772 2453 cuius
802 2418 1015 2452 matrem
1039 2417 1192 2451 nemo

380 2471 651 2536 negauerit
683 2470 781 2519 effe
799 2470 909 2519 fere
931 2469 1194 2536 superbam

382 2537 666 2590 stultitiam.
687 2550 740 2586 et
777 2541 1093 2600 arrogantem
1124 2536 1198 2584 in-

382 2604 594 2654 scitiam.
668 2605 816 2653 Certe
854 2601 1199 2660 Kirc'hmanus‚

385 2672 553 2738 etiam,
568 2669 856 2719 Nedhamus
878 2685 931 2718 et
961 2670 1199 2726 SuettiuS,

387 2754 495 2796 non
534 2737 829 2786 dubitarunt
870 2736 1095 2800 recipere
1130 2743 1199 2784 ἐκ-

388 2813 547 2866 βαλεῖν,
582 2803 648 2852 de
681 2803 929 2852 sententia
957 2802 1201 2851 casaubo-

387 2872 466 2921 ni:
502 2887 651 2934 quam
665 2886 840 2918 eorum
854 2869 1200 2918 au&0ritatem

389 2937 530 3001 sequi
552 2936 712 2986 visum
734 2935 820 2995 est,
848 2935 985 2998 quod
1011 2942 1199 2995 ἐκβαλεῖν

389 3004 556 3070 gignit
591 3002 788 3052 sensum
810 3003 1034 3066 apprime
1063 3018 1202 3050 eorn-

394 3072 607 3119 modum
653 3083 953 3134 aptumque,
1002 3076 1199 3128 ἐμβαλεῖν

395 3138 606 3185 omnino
630 3137 859 3192 nullum
892 3148 944 3184 et
968 3136 1082 3198 quia
1098 3151 1201 3183 non

392 3201 832 3270 ignorabamusfin
854 3201 1087 3254 omni-bus
1099 3201 1201 3256 fae-

875 102 1538 189 eroarazrbr

1228 344 1453 400 pturam:
1487 332 1623 396 quod
1647 331 1854 395 quidem
1873 331 1951 382 hic
1965 333 2040 385 fa-

1229 401 1373 451 &um
1400 397 1523 454 effe,
1560 413 1622 448 eo
1655 397 1822 447 minus
1857 401 2042 450 miran-

1229 468 1352 517 dum
1387 465 1612 522 videtur,
1648 471 1807 528 quum
1842 472 2042 527 ἐμβαλεῖν

1228 533 1430 585 fluxerit
1466 548 1526 581 ex
1566 546 1668 580 vno
1706 531 1868 582 fonte.
1925 550 2079 584 nam

1230 600 1390 650 (3.odd
1414 598 1591 648 Guelf.
1617 597 1764 647 Trin.
1787 600 2046 650 etCamot.

1230 683 1388 718 vnum
1434 665 1538 715 fuit
1594 665 1834 729 idemque
1878 681 2046 731 caput.

1227 282 1292 334 pe
1314 225 1451 316 libris
1482 261 1654 314 falsam
1678 261 1899 314 exhiberi
1677 123 2112 366 serp-1

2087 368 2112 398 ιι

1220 735 1303 785 ,Εκ
1347 732 1642 789 Camotiano
1695 746 1867 781 autem
1914 735 2045 784 libro

1233 800 1376 851 venit
1400 800 1453 848 in
1484 799 1646 848 editos
1661 799 1899 863 reliquos.
1926 803 2047 851 Cae·
2089 853 2096 863 Ι

1234 882 1400 926 terum
1418 867 1578 915 Pauus
1592 865 1678 916 etfi
1691 878 1744 914 et
1755 865 1857 931 ipse
1871 868 2049 932 proba·
2093 904 2101 914 .

1234 935 1320 983 bat
1344 929 1753 983 emendationem
1787 932 1954 994 istam,
1975 949 2049 985 ta·-
2104 935 2112 975 ἶ

1237 1017 1355 1059 men
1378 997 1767 1064 suspicabatur‚'
1754 1015 1808 1047 ιη
1830 1000 1968 1050 libris
1986 1018 2050 1050 o-
2095 1000 2112 1060 a}

1236 1068 1328 1119 lim
1358 1063 1655 1130 quibusdam
1678 1062 1827 1115 fuisse
1850 1074 2048 1127 ἐμβκλεῒν
2098 1082 2112 1149 j

1237 1159 1280 1184 τι
1295 1142 1496 1192 ποτηρίῳ.
1566 1131 1662 1180 Sed
1676 1130 2054 1199 hlsambagibus
2103 1150 2112 1170 ⁴

1238 1218 1342 1252 non
1379 1215 1506 1265 opus
1544 1198 1630 1248 est.
1720 1199 1878 1249 Etiam
1922 1216 1965 1256 c
1999 1213 2056 1259 ιε
2104 1211 2112 1260 ξ

1238 1269 1459 1320 vidimus
1493 1282 1521 1314 a
1550 1264 1758 1314 librariis
1792 1273 2054 1327 ἐμβέβληται
2094 1245 2112 1330 ζ

1242 1350 1294 1386 et
1326 1342 1579 1395 ἐκβέβληται
1611 1333 1747 1382 inter
1764 1332 1816 1383 se
1843 1334 2053 1387 confusa
2093 1335 2112 1389 ξ

1243 1401 1356 1454 effe.
2091 1388 2112 1487 ᾗ

1320 1513 1370 1568 ὦς
1406 1510 1630 1573 ‘regnis-mv]
1675 1494 1951 1559 Bernartius
1992 1507 2095 1561 ad
2101 1486 2112 1559 i

1244 1577 1377 1629 Tho.
1401 1580 1537 1642 Mag.
1571 1594 1617 1642 p.
1643 1593 1732 1638 ¹¹7
1756 1570 2112 1628 emendabat?

1243 1646 1379 1706 ὥσπερ
1404 1649 1553 1698 οέςεῖον.
1578 1642 1870 1694 facilissane
1884 1660 2059 1698 emen-
2084 1624 2112 1713 s}

1247 1714 1382 1762 datio
1407 1711 1490 1760 sed
1512 1710 1918 1775 superuacanea,
1924 1727 2057 1775 quae
2101 1747 2104 1750 >

1246 1779 1540 1830 aduersetur
1563 1791 1616 1826 et
1636 1777 1865 1843 linguae
1889 1777 2062 1829 nescio
2101 1791 2112 1846 g

1248 1848 1385 1897 enim
1422 1863 1485 1894 an
1518 1845 1618 1893 dici
1650 1842 1845 1909 poffit'
1815 1852 1952 1897 αςεῖον
1986 1869 2062 1896 πε·
2095 1864 2112 1897 ἢ

1248 1912 1432 1970 ποιηκώς·
1462 1926 1513 1960 et
1536 1911 1608 1960 rei
1633 1909 1731 1975 ipsi
1765 1927 1881 1959 nam
1908 1912 2112 1962 homo

1251 1981 1339 2030 iste
1357 1981 1468 2029 vult
1490 1977 1704 2028 illudere
1716 1976 2066 2029 sacrificantes.
2107 1984 2112 1998 ¹

1252 2050 1519 2098 Caeterum
1557 2044 1800 2110 particula
1839 2047 1889 2102 ὦς
1927 2042 2062 2111 ab'est

1251 2116 1312 2165 ab
1336 2115 1529 2164 Camot.
1562 2126 1615 2163 et
1639 2111 1787 2161 Furl„
1827 2155 1830 2159 .
1862 2131 1868 2140 ·

1317 2234 1342 2264 ⁴
1380 2216 1629 2291 ἃνλέμενος]
1675 2224 1917 2278 Auberius
1954 2246 2064 2279 cor·
2101 2223 2111 2236 ‘⁴

1252 2293 1346 2358 rigi
1381 2294 1586 2341 iubebat
1609 2292 1917 2353 συναυλέμενος.
1958 2298 2064 2350 fine
2106 2315 2108 2318 ’

1252 2358 1411 2410 caussa
1437 2359 1634 2416 idonea,
2107 2355 2112 2357 ’

1320 2469 1549 2531 ἐπιτιμᾷν]
1587 2471 1778 2520 Camot.
1811 2469 2070 2523 Furme&

1253 2539 1396 2594 τιμᾶν,
1427 2551 1646 2599 moxque
1667 2549 1928 2597 παυσαμένη.
1977 2541 2064 2589 Pa·-
2107 2594 2110 2598 Ι

1255 2618 1347 2651 vus
1378 2615 1549 2650 autem
1589 2619 1678 2667 pro
1707 2604 1809 2664 εἶπές
1842 2608 1918 2661 τῆς
1955 2628 2068 2666 τςα-
2094 2598 2106 2626 ¹

1255 2676 1382 2731 πέζης
1399 2669 1498 2733 legi
1514 2670 1716 2719 volebat
1736 2672 1838 2732 ὁτι-ἒς»
1858 2674 1932 2728 vn&
1957 2667 2109 2734 ‘tyci-“2

1253 2743 1403 2798 πεζκν.
1442 2750 1660 2792 temere,
1686 2750 1740 2786 vt
1764 2738 1980 2788 diximus
2002 2740 2067 2791 ad
2088 2758 2090 2763 ’

1256 2820 1298 2852 c.
1320 2805 1388 2851 16.
1456 2804 1720 2851 Caeterum
1747 2804 1882 2854 idem
1903 2801 2103 2858 Pauus‘

1253 2867 1641 2925 animaduertit,
1684 2870 1928 2935 postrema
1966 2882 2093 2922 δνσ-

1256 2944 1418 2995 χεςείκς
1456 2936 1683 2999 exempla
1726 2953 1830 2986 non
1861 2937 2066 3004 respon-

1257 3003 1376 3050 dere
1409 3000 1730 3066 descriptioni
1764 3003 1904 3069 supra
1934 3006 2062 3070 pofi'-

1256 3082 1354 3116 tae.
1389 3069 1538 3117 wire
1607 3076 1669 3117 At
1701 3071 1957 3134 pertinent
1986 3086 2064 3121 ta-

1259 3151 1378 3183 men
1427 3135 1485 3183 ad
1530 3142 1784 3194 δυσχερείαν·
1834 3151 1888 3186 et
1921 3137 2064 3187 vide-

1258 3203 1442 3253 bantur
1475 3216 1615 3252 certe
1647 3202 1793 3252 nobis
1821 3205 2067 3268 quodam.

1907 3273 2063 3322 modo
