2112 3528
624 123 1179 193 enarrarre

60 285 272 353 falsam
305 281 360 351 ³².
454 282 575 351 Sed
622 289 685 348 in
724 281 1006 350 oratione
1042 281 1168 369 ipsa
1207 297 1541 367 comparet
1582 282 1754 348 tanta

61 408 322 474 tamque
366 382 521 450 mira
567 381 918 469 simplicitas
967 402 1029 448 et
1067 380 1372 469 elegantia
1405 379 1565 445 adeo
1597 382 1748 444 nati·

60 510 177 568 va,
221 505 379 572 quae
407 506 538 549 non
568 483 827 569 indigna
858 480 1240 570 intelligatur
1268 477 1531 566 ingenio
1567 499 1637 544 ac
1664 478 1751 542 fa-

52 585 288 673 cundia
318 582 770 665 Theophrasti:
842 602 904 648 et
930 601 1298 668 quanquam
1327 578 1520 647 video
1557 577 1756 643 maio-

60 707 201 751 rem
237 682 405 750 credi
440 679 564 748 effe
606 702 1058 767 corruptorum
1099 678 1656 766 suspeElorumque
1687 696 1753 750 et

58 785 478 851 obscurorum
526 785 819 847 locorum
866 780 1114 867 copiam
1174 800 1235 847 et
1277 775 1753 845 multitudinem

0 951 1 954 ,
59 882 124 950 in
167 883 295 948 hoc
337 904 537 968 paruo
572 882 816 964 libelle,
880 881 1154 947 maxime
1195 881 1258 945 in
1300 874 1750 980 posterioribus
1822 960 1830 967 ἡ

61 983 200 1049 eius
232 981 583 1068 CapitibuS,
609 1004 801 1068 quam
829 980 895 1047 in
923 981 1135 1048 multis
1166 979 1344 1045 libris
1373 975 1751 1066 grandibus:

62 1103 273 1148 tamen
305 1080 486 1146 multi
506 1102 728 1146 eorum
758 1080 990 1167 integri
1018 1081 1241 1146 suntet
1268 1076 1413 1160 sani,
1431 1075 1616 1143 etiam
1636 1078 1752 1142 cla·

59 1181 145 1264 ri,
176 1180 274 1248 alii
309 1183 514 1246 multo
550 1179 837 1246 clariores
867 1179 1109 1263 forent,
1158 1178 1202 1244 fi
1233 1177 1565 1258 sciremus,
1605 1174 1750 1262 quis

60 1283 208 1347 loco
251 1299 518 1368 quoque
561 1301 818 1346 notatus
862 1280 942 1345 ab
986 1280 1244 1363 auclore
1287 1275 1755 1363 descriptusque

63 1377 223 1446 esset.
317 1380 437 1445 Sed
457 1376 663 1467 'caussa
703 1378 1125 1447 multitudinis
1156 1383 1492 1460 vitiorum,
1536 1375 1599 1442 in
1635 1377 1754 1442 Ca·

61 1479 300 1567 pitibus
325 1478 596 1545 maxime
621 1478 1098 1564 posterioribus,
1126 1477 1466 1564 repetenda
1495 1475 1755 1546 videtur
1814 1516 1816 1521 ι

60 1580 143 1644 ab
174 1578 483 1665 paucitate
513 1579 832 1646 Codicum
864 1602 1056 1644 manu
1083 1579 1477 1664 scriptorum·
1573 1580 1753 1642 Nam

60 1700 196 1766 quo
230 1675 474 1764 saepius
505 1678 662 1745 liber
696 1679 917 1766 aliquis
949 1677 1289 1765 descriptus
1318 1677 1420 1761 est,
1450 1697 1583 1764 quo
1616 1679 1754 1764 plu·

60 1800 161 1843 res
187 1777 344 1843 illius
387 1779 612 1845 restant
634 1780 941 1863 Codices,
1007 1802 1140 1867 quo
1182 1777 1387 1844 maior
1425 1776 1510 1842 est
1543 1775 1759 1864 leetiof

59 1898 214 1942 num
241 1875 685 1944 varietas:·'eo
722 1879 937 1945 minor
970 1877 1280 1966 reperitur
1318 1897 1626 1943 numerus
1656 1878 1751 1942 ‚lo-

59 1999 287 2042 corum
323 1977 697 2045 vitiosorum
744 1968 1338 2066 suspefiiorumque,
1381 1997 1452 2045 vt
1484 1980 1583 2044 vel
1623 1975 1758 2043 hoc.

58 2076 323 2141 nomine
369 2074 614 2143 summe
665 2078 1074 2163 praedicanda
1116 2076 1500 2166 intelligatur
1544 2073 1756 2142 diuina

60 2175 460 2261 prouidentia
479 2228 495 2259 ,
530 2199 692 2265 quae
719 2178 912 2243 libros
939 2180 1221 2244 Graecos
1246 2175 1428 2243 Noui
1452 2173 1752 2266 Foederis

61 2274 245 2341 toties
281 2273 563 2358 describi,
589 2275 1021 2365 variantesque
1050 2300 1273 2343 eorum
1305 2274 1604 2342 lestiones
1626 2295 1754 2340 tan-

61 2394 127 2439 to
159 2375 385 2455 studio,
413 2395 587 2443 tanta
618 2375 953 2463 diligentia,
980 2376 1203 2443 aViris
1234 2373 1589 2442 doctiffimis
1609 2396 1757 2441 con·

62 2479 196 2560 geri
232 2471 480 2540 iuss'erit.
540 2497 734 2563 quam
765 2498 902 2542 rem
934 2476 1207 2563 imperiti
1237 2495 1299 2542 et
1322 2476 1513 2541 rudes
1543 2474 1754 2560 inepte
1840 2498 1843 2504 ’

58 2573 484 2640 vociferantur
530 2572 730 2642 abesse
784 2575 1124 2664 integritati
1177 2571 1488 2642 sacrarum
1531 2574 1755 2641 littera·

57 2695 225 2739 rum.

207 2788 346 2872 Ego
390 2806 544 2851 vero
600 2789 1015 2856 vehementer
1047 2810 1240 2876 opt0,
1282 2809 1354 2859 vt
1389 2809 1518 2854 non
1552 2784 1752 2852 modo

64 2904 290 2968 opera,
352 2908 545 2972 quam
580 2890 757 2972 posui
788 2890 848 2955 in
902 2889 1303 2977 recensendo,
1366 2885 1753 2954 illustrando-

63 2985 279 3070 doque
313 2983 436 3052 hoc
464 2986 709 3072 libello,
742 2987 938 3075 profit
967 3012 1160 3077 quam
1188 2988 1510 3077 plurimiS,
1553 2984 1654 3051 sed
1687 3006 1757 3052 vt

1534 3106 1756 3153 omnes

132 3284 150 3298 ⁴
190 3275 261 3325 Vt
284 3283 388 3335 ΩΒ,
407 3296 428 3327 2
470 3282 762 3333 madibus·
801 3294 854 3332 et
879 3280 995 3332 ibid.
1026 3301 1054 3349 4
1084 3285 1246 3337 πλοῖτοι.
