2112 3528
1841 107 1855 133 Ι

927 191 1468 239 RRAEFATlo

347 323 822 391 multitudinem
862 325 1151 393 falsarum
1178 326 1817 415 ineptiffimarumque
1845 327 2027 396 inter·

347 423 774 505 pretationum
823 426 1400 512 perpererito‘mni
1445 446 1775 512 tempore5
1806 431 1909 494 vel
1956 449 2026 495 vt

256 534 283 542 “’
345 520 772 588 fecundiffima
813 517 1054 611 rnater,
1109 525 1306 611 turpis
1348 524 1736 612 neglegentia
1785 525 1912 591 hoc
1960 526 2025 592 in

343 640 612 707 genere3
675 621 1031 707 praesertim
1091 623 1156 690 in
1222 623 1391 690 libris
1443 624 1706 707 diuinis,
1768 624 2022 710 quibuS,

342 719 549 783 nescio
579 742 710 809 quo
735 722 932 805 facio,
965 722 1184 790 accidit
1211 722 1487 810 semper⁷
1513 739 1588 790 vt'
1607 723 2024 789 nancisceren-

340 842 444 887 tur
472 821 991 910 fere-interpretes
1024 822 1351 909 imperitos
1371 876 1387 906 ,
1435 823 1543 910 qui
1574 842 1853 888 carerent
1881 845 2022 909 pae-

312 942 422 988 *ne
451 922 748 988 omnibus
787 922 1126 991 virtutibus
1171 941 1232 1009 et
1269 921 1528 988 dotibus
1566 920 1797 1007 quibus
1858 920 2017 988 boni

340 1019 657 1110 doffiquel
695 1026 1061 1108 interpretes
1109 1019 1452 1088 censentur.
1561 1021 1704 1084 ‚Sed
1756 1020 2018 1108 magnas

337 1137 548 1187 tamen
576 1141 673 1184 res
698 1119 799 1186 illa
829 1120 1019 1187 habet
1051 1139 1110 1187 et
1145 1123 1372 1187 multas
1400 1117 1732 1184 cautiones,
1781 1122 2020 1206 Neque

338 1217 505 1283 enirn
551 1221 670 1283 vlla
700 1216 942 1284 ratione
983 1220 1124 1286 licet
1152 1216 1382 1285 mutari
1411 1217 1762 1305 quidquam
1791 1235 1852 1282 et
1882 1239 2017 1283 mo·

337 1316 469 1381 veri
496 1321 658 1399 loco,
696 1315 810 1382 nili
841 1340 1161 1403 appareat,
1193 1341 1269 1383 ex
1299 1315 1475 1381 editis
1504 1314 1717 1382 verbis
1750 1334 1853 1380 aut
1881 1318 2017 1380 nul·
2108 1397 2112 1401 st

331 1418 468 1484 lum
498 1438 602 1481 aut
632 1438 763 1482 non
793 1437 1011 1501 aptum
1046 1417 1184 1482 satis
1219 1436 1408 1502 atque
1439 1412 1857 1481 commodum
1889 1411 2015 1478 sen·

257 1513 259 1517 ’
329 1515 464 1580 sum
499 1515 782 1600 existere,
815 1520 1050 1583 nullam
1079 1517 1144 1582 in
1177 1515 1251 1582 iis
1285 1514 1649 1579 structuram
1671 1565 1686 1594 ‚
1724 1510 2016 1577 ordinem

329 1618 613 1698 nullum,
665 1614 968 1697 inueniri,
1013 1635 1073 1682 et
1110 1613 1220 1680 nist
1260 1612 1403 1679 libri
1455 1607 1664 1698 scripti
1692 1604 2015 1677 ostendant

326 1715 802 1801 monstrentque
827 1713 1080 1802 vestigia
1105 1735 1165 1780 et
1191 1733 1490 1800 tanquam
1507 1731 1687 1777 notas
1707 1709 2011 1796 quasdam

328 1814 742 1879 mendorum:
808 1812 933 1880 fine
976 1834 1101 1901 qua
1144 1836 1210 1879 re
1248 1818 1359 1881 vix
1400 1813 1601 1898 potest
1641 1807 1900 1875 indubia
1951 1830 2013 1875 et

329 1933 494 1979 certa
532 1912 732 1978 videri
781 1916 902 1978 vlla
945 1912 1320 1979 emendatio,
1438 1912 1558 1976 Sed
1599 1908 1763 1995 ipsae
1803 1928 2011 1974 tamen

324 2012 734 2097 coniecturae,
765 2013 954 2079 etiam
981 2012 1337 2079 certiffimae
1366 2030 1426 2076 et
1453 2009 1792 2092 facillimae,
1819 2029 2011 2095 atque

325 2110 636 2199 remedia,
674 2111 907 2198 quibus
942 2116 1243 2179 tollantur
1284 2113 1542 2177 vulnera
1569 2107 1901 2203 scripturae
1946 2127 2009 2173 et

323 2209 651 2293 sanentur,
683 2210 866 2275 etiam
900 2210 1300 2277 efficaciflima
1322 2229 1383 2275 et
1413 2205 1917 2295 praesentiffima,
1945 2212 2008 2271 in

325 2309 496 2375 nutis
531 2309 811 2394 proponi
852 2330 912 2376 et
949 2308 1231 2376 exhiberi
1264 2309 1526 2394 debent2
1560 2327 1768 2392 neque
1797 2306 2008 2372 inferri

323 2408 386 2472 et
411 2408 636 2478 comici
662 2409 723 2472 in
753 2429 1058 2473 contexta.
1155 2411 1368 2495 Atque
1408 2408 1570 2472 hanc
1616 2404 1874 2492 quidem
1915 2428 2006 2471 ra·
2095 2493 2099 2495 Δ

323 2505 569 2572 'tionem
600 2507 846 2593 sequuti
876 2507 1278 2593 reperiuntur
1305 2506 1563 2573 maximi
1592 2525 1653 2570 et
1685 2503 2006 2571 doetiffimi

323 2605 622 2672 omniurn
667 2626 1030 2691 temporum
1063 2605 1435 2693 interpretes
1452 2660 1470 2690 ,
1500 2624 1579 2672 vvt
1605 2607 1932 2672 Manutius
1955 2604 2012 2695 μ*-

319 2725 383 2768 et
412 2707 512 2770 alii
539 2704 870 2770 innumeri.
971 2705 1095 2772 Sed
1130 2711 1464 2772 extiterunt
1495 2724 1704 2770 tamen
1738 2705 2015 2797 semper-‚⁴
2103 2791 2106 2795 Δ

319 2823 392 2869 vt
421 2803 519 2886 fit,
567 2803 698 2891 qui,
731 2820 934 2892 quum
968 2804 1203 2892 ingenii
1239 2811 1479 2892 magis,
1518 2808 1710 2891 quam
1745 2802 2002 2890 diligen·

321 2900 473 2990 tiae,
518 2903 700 2972 laude
751 2904 1154 2987 ducerentur,
1202 2925 1437 2972 temere
1483 2901 1657 2970 abuti
1700 2901 2002 2967 auderent

361 3023 367 3029 ‘
1784 3023 1996 3087 primo

385 3189 415 3224 *
443 3192 711 3249 Manutius
733 3193 793 3246 ad
816 3194 919 3244 Cic.
951 3213 1004 3261 13
1032 3211 1110 3261 ep.
1136 3212 1191 3246 21
1243 3193 1349 3243 Non
1369 3191 1572 3245 deleaor
1594 3193 1886 3244 mutatione:
1905 3190 1998 3261 fa-

448 3260 521 3307 cio
546 3273 704 3310 tamen
730 3263 957 3315 libenter,
984 3276 1040 3310 vt
1063 3265 1114 3311 in
1138 3262 1256 3314 Iocis
1285 3261 1502 3312 mendum
1526 3260 1845 3313 redolentibus
1870 3257 1999 3324 testi-

443 3324 563 3392 ficer
577 3328 873 3394 sententiam
898 3347 1062 3401 meam.
1846 3332 1848 3334 ’
